% 
@INPROCEEDINGS{teuben1994,
       author = {{Teuben}, P.},
        title = "{The Stellar Dynamics Toolbox NEMO}",
    booktitle = {Astronomical Data Analysis Software and Systems IV},
         year = 1995,
       editor = {{Shaw}, R.~A. and {Payne}, H.~E. and {Hayes}, J.~J.~E.},
       series = {Astronomical Society of the Pacific Conference Series},
       volume = {77},
        month = jan,
        pages = {398},
       adsurl = {https://ui.adsabs.harvard.edu/abs/1995ASPC...77..398T},
      adsnote = {Provided by the SAO/NASA Astrophysics Data System}
}

@INBOOK{heggie1986,
       author = {{Heggie}, D.~C. and {Mathieu}, R.~D.},
        title = "{Standardised Units and Time Scales}",
    booktitle = {The Use of Supercomputers in Stellar Dynamics},
         year = 1986,
       editor = {{Hut}, Piet and {McMillan}, Stephen L.~W.},
       volume = {267},
        pages = {233},
          doi = {10.1007/BFb0116419},
       adsurl = {https://ui.adsabs.harvard.edu/abs/1986LNP...267..233H},
      adsnote = {Provided by the SAO/NASA Astrophysics Data System}
}

 %1997ApJ...481...83M,
@ARTICLE{makino1997,
       author = {{Makino}, Junichiro and {Hut}, Piet},
        title = "{Merger Rate of Equal-Mass Spherical Galaxies}",
      journal = {\apj},
     keywords = {Galaxies: Clusters: General, Galaxies: Interactions, Methods: Numerical, Astrophysics},
         year = 1997,
        month = may,
       volume = {481},
       number = {1},
        pages = {83-94},
          doi = {10.1086/304013},
archivePrefix = {arXiv},
       eprint = {astro-ph/9608159},
 primaryClass = {astro-ph},
       adsurl = {https://ui.adsabs.harvard.edu/abs/1997ApJ...481...83M},
      adsnote = {Provided by the SAO/NASA Astrophysics Data System}
}

